% This file was created with JabRef 2.10.
% Encoding: UTF-8


@InProceedings{Chen:2011:RBA:2020408.2020604,
  Title                    = {Real-time Bidding Algorithms for Performance-based Display Ad Allocation},
  Author                   = {Chen, Ye and Berkhin, Pavel and Anderson, Bo and Devanur, Nikhil R.},
  Booktitle                = {Proceedings of the 17th ACM SIGKDD International Conference on Knowledge Discovery and Data Mining},
  Year                     = {2011},

  Address                  = {New York, NY, USA},
  Pages                    = {1307--1315},
  Publisher                = {ACM},
  Series                   = {KDD '11},

  Acmid                    = {2020604},
  Doi                      = {10.1145/2020408.2020604},
  ISBN                     = {978-1-4503-0813-7},
  Keywords                 = {ad exchange, combinatorial optimization, linear programming, performance display, real-time bidding},
  Location                 = {San Diego, California, USA},
  Numpages                 = {9},
  Url                      = {http://doi.acm.org/10.1145/2020408.2020604}
}

@InProceedings{Cui:2011:BLF:2020408.2020454,
  Title                    = {Bid Landscape Forecasting in Online Ad Exchange Marketplace},
  Author                   = {Cui, Ying and Zhang, Ruofei and Li, Wei and Mao, Jianchang},
  Booktitle                = {Proceedings of the 17th ACM SIGKDD International Conference on Knowledge Discovery and Data Mining},
  Year                     = {2011},

  Address                  = {New York, NY, USA},
  Pages                    = {265--273},
  Publisher                = {ACM},
  Series                   = {KDD '11},

  Acmid                    = {2020454},
  Doi                      = {10.1145/2020408.2020454},
  ISBN                     = {978-1-4503-0813-7},
  Keywords                 = {ad exchange marketplace, bid landscape forecasting, online display advertising},
  Location                 = {San Diego, California, USA},
  Numpages                 = {9},
  Url                      = {http://doi.acm.org/10.1145/2020408.2020454}
}

@InCollection{raey,
  Title                    = {Bidding for Representative Allocations for Display Advertising},
  Author                   = {Ghosh, Arpita and McAfee, Preston and Papineni, Kishore and Vassilvitskii, Sergei},
  Booktitle                = {Internet and Network Economics},
  Publisher                = {Springer Berlin Heidelberg},
  Year                     = {2009},
  Editor                   = {Leonardi, Stefano},
  Pages                    = {208-219},
  Series                   = {Lecture Notes in Computer Science},
  Volume                   = {5929},

  Doi                      = {10.1007/978-3-642-10841-9_20},
  ISBN                     = {978-3-642-10840-2},
  Url                      = {http://dx.doi.org/10.1007/978-3-642-10841-9_20}
}

@InProceedings{Ghosh:2009:ABD:1526709.1526744,
  Title                    = {Adaptive Bidding for Display Advertising},
  Author                   = {Ghosh, Arpita and Rubinstein, Benjamin I.P. and Vassilvitskii, Sergei and Zinkevich, Martin},
  Booktitle                = {Proceedings of the 18th International Conference on World Wide Web},
  Year                     = {2009},

  Address                  = {New York, NY, USA},
  Pages                    = {251--260},
  Publisher                = {ACM},
  Series                   = {WWW '09},

  Acmid                    = {1526744},
  Doi                      = {10.1145/1526709.1526744},
  ISBN                     = {978-1-60558-487-4},
  Keywords                 = {adaptive bidding, concentration bounds, display advertising, guaranteed delivery, guess-then-double algorithms},
  Location                 = {Madrid, Spain},
  Numpages                 = {10},
  Url                      = {http://doi.acm.org/10.1145/1526709.1526744}
}

@InProceedings{Lang:2012:HFE:2187836.2187887,
  Title                    = {Handling Forecast Errors While Bidding for Display Advertising},
  Author                   = {Lang, Kevin J. and Moseley, Benjamin and Vassilvitskii, Sergei},
  Booktitle                = {Proceedings of the 21st International Conference on World Wide Web},
  Year                     = {2012},

  Address                  = {New York, NY, USA},
  Pages                    = {371--380},
  Publisher                = {ACM},
  Series                   = {WWW '12},

  Acmid                    = {2187887},
  Doi                      = {10.1145/2187836.2187887},
  ISBN                     = {978-1-4503-1229-5},
  Keywords                 = {ad exchanges, adaptive bidding, bidding agents},
  Location                 = {Lyon, France},
  Numpages                 = {10},
  Url                      = {http://doi.acm.org/10.1145/2187836.2187887}
}

@InProceedings{Richardson:2007:PCE:1242572.1242643,
  Title                    = {Predicting Clicks: Estimating the Click-through Rate for New Ads},
  Author                   = {Richardson, Matthew and Dominowska, Ewa and Ragno, Robert},
  Booktitle                = {Proceedings of the 16th International Conference on World Wide Web},
  Year                     = {2007},

  Address                  = {New York, NY, USA},
  Pages                    = {521--530},
  Publisher                = {ACM},
  Series                   = {WWW '07},

  Acmid                    = {1242643},
  Doi                      = {10.1145/1242572.1242643},
  ISBN                     = {978-1-59593-654-7},
  Keywords                 = {CPC, CTR, click-through rate, paid search, ranking, sponsored search, web advertising},
  Location                 = {Banff, Alberta, Canada},
  Numpages                 = {10},
  Url                      = {http://doi.acm.org/10.1145/1242572.1242643}
}

@InProceedings{Salomatin:2012:UOF:2396761.2398561,
  Title                    = {A Unified Optimization Framework for Auction and Guaranteed Delivery in Online Advertising},
  Author                   = {Salomatin, Konstantin and Liu, Tie-Yan and Yang, Yiming},
  Booktitle                = {Proceedings of the 21st ACM International Conference on Information and Knowledge Management},
  Year                     = {2012},

  Address                  = {New York, NY, USA},
  Pages                    = {2005--2009},
  Publisher                = {ACM},
  Series                   = {CIKM '12},

  Acmid                    = {2398561},
  Doi                      = {10.1145/2396761.2398561},
  ISBN                     = {978-1-4503-1156-4},
  Keywords                 = {linear programming, online advertising, optimization, sponsored search},
  Location                 = {Maui, Hawaii, USA},
  Numpages                 = {5},
  Url                      = {http://doi.acm.org/10.1145/2396761.2398561}
}

@InProceedings{Tesauro:2001:HBA:501158.501183,
  Title                    = {High-performance Bidding Agents for the Continuous Double Auction},
  Author                   = {Tesauro, Gerald and Das, Rajarshi},
  Booktitle                = {Proceedings of the 3rd ACM Conference on Electronic Commerce},
  Year                     = {2001},

  Address                  = {New York, NY, USA},
  Pages                    = {206--209},
  Publisher                = {ACM},
  Series                   = {EC '01},

  Acmid                    = {501183},
  Doi                      = {10.1145/501158.501183},
  ISBN                     = {1-58113-387-1},
  Location                 = {Tampa, Florida, USA},
  Numpages                 = {4},
  Url                      = {http://doi.acm.org/10.1145/501158.501183}
}

@InProceedings{Vee:2010:OOA:1807342.1807360,
  Title                    = {Optimal Online Assignment with Forecasts},
  Author                   = {Vee, Erik and Vassilvitskii, Sergei and Shanmugasundaram, Jayavel},
  Booktitle                = {Proceedings of the 11th ACM Conference on Electronic Commerce},
  Year                     = {2010},

  Address                  = {New York, NY, USA},
  Pages                    = {109--118},
  Publisher                = {ACM},
  Series                   = {EC '10},

  Acmid                    = {1807360},
  Doi                      = {10.1145/1807342.1807360},
  ISBN                     = {978-1-60558-822-3},
  Keywords                 = {computational advertising, guaranteed delivery, online matching},
  Location                 = {Cambridge, Massachusetts, USA},
  Numpages                 = {10},
  Url                      = {http://doi.acm.org/10.1145/1807342.1807360}
}

@InProceedings{Wang:2009:SMF:1526709.1526776,
  Title                    = {A Search-based Method for Forecasting Ad Impression in Contextual Advertising},
  Author                   = {Wang, Xuerui and Broder, Andrei and Fontoura, Marcus and Josifovski, Vanja},
  Booktitle                = {Proceedings of the 18th International Conference on World Wide Web},
  Year                     = {2009},

  Address                  = {New York, NY, USA},
  Pages                    = {491--500},
  Publisher                = {ACM},
  Series                   = {WWW '09},

  Acmid                    = {1526776},
  Doi                      = {10.1145/1526709.1526776},
  ISBN                     = {978-1-60558-487-4},
  Keywords                 = {content match, contextual advertising, impression forecasting, online advertising, wand},
  Location                 = {Madrid, Spain},
  Numpages                 = {10},
  Url                      = {http://doi.acm.org/10.1145/1526709.1526776}
}

% This file was created with JabRef 2.10.
% Encoding: UTF-8


@Article{DBLP:journals/corr/abs-1111-1797,
  Title                    = {Analysis of Thompson Sampling for the multi-armed bandit
 problem},
  Author                   = {Shipra Agrawal and
 Navin Goyal},
  Journal                  = {CoRR},
  Year                     = {2011},
  Volume                   = {abs/1111.1797},

  Bibsource                = {DBLP, http://dblp.uni-trier.de},
  Ee                       = {http://arxiv.org/abs/1111.1797}
}

@Article{chernoff1965bayes,
  Title                    = {A Bayes sequential sampling inspection plan},
  Author                   = {Chernoff, Herman and Ray, SN},
  Journal                  = {The Annals of Mathematical Statistics},
  Year                     = {1965},
  Pages                    = {1387--1407},

  Publisher                = {JSTOR}
}

@PhdThesis{duff2002optimal,
  Title                    = {Optimal Learning: Computational procedures for Bayes-adaptive Markov decision processes},
  Author                   = {Duff, Michael O'Gordon},
  School                   = {University of Massachusetts Amherst},
  Year                     = {2002}
}

@InProceedings{guez2012efficient,
  Title                    = {Efficient Bayes-adaptive reinforcement learning using sample-based search},
  Author                   = {Guez, Arthur and Silver, David and Dayan, Peter},
  Booktitle                = {Advances in Neural Information Processing Systems},
  Year                     = {2012},
  Pages                    = {1025--1033}
}

@InProceedings{Li:2010:CAP:1772690.1772758,
  Title                    = {A Contextual-bandit Approach to Personalized News Article Recommendation},
  Author                   = {Li, Lihong and Chu, Wei and Langford, John and Schapire, Robert E.},
  Booktitle                = {Proceedings of the 19th International Conference on World Wide Web},
  Year                     = {2010},

  Address                  = {New York, NY, USA},
  Pages                    = {661--670},
  Publisher                = {ACM},
  Series                   = {WWW '10},

  Acmid                    = {1772758},
  Doi                      = {10.1145/1772690.1772758},
  ISBN                     = {978-1-60558-799-8},
  Keywords                 = {contextual bandit, exploration/exploitation dilemma, personalization, recommender systems, web service},
  Location                 = {Raleigh, North Carolina, USA},
  Numpages                 = {10},
  Url                      = {http://doi.acm.org/10.1145/1772690.1772758}
}

@Article{mnih2013playing,
  Title                    = {Playing Atari with deep reinforcement learning},
  Author                   = {Mnih, Volodymyr and Kavukcuoglu, Koray and Silver, David and Graves, Alex and Antonoglou, Ioannis and Wierstra, Daan and Riedmiller, Martin},
  Journal                  = {arXiv preprint arXiv:1312.5602},
  Year                     = {2013}
}

@Article{tsitsiklis1997analysis,
  Title                    = {An analysis of temporal-difference learning with function approximation},
  Author                   = {Tsitsiklis, John N and Van Roy, Benjamin},
  Journal                  = {Automatic Control, IEEE Transactions on},
  Year                     = {1997},
  Number                   = {5},
  Pages                    = {674--690},
  Volume                   = {42},

  Publisher                = {IEEE}
}

@InCollection{vermorel2005multi,
  Title                    = {Multi-armed bandit algorithms and empirical evaluation},
  Author                   = {Vermorel, Joannes and Mohri, Mehryar},
  Booktitle                = {Machine Learning: ECML 2005},
  Publisher                = {Springer},
  Year                     = {2005},
  Pages                    = {437--448}
}

@Article{watkins1992q,
  Title                    = {Q-learning},
  Author                   = {Watkins, Christopher JCH and Dayan, Peter},
  Journal                  = {Machine learning},
  Year                     = {1992},
  Number                   = {3-4},
  Pages                    = {279--292},
  Volume                   = {8},

  Publisher                = {Springer}
}

@Article{,
  Title                    = {Hierarchical Exploration for Accelerating Contextual Bandits},

  Owner                    = {alex},
  Timestamp                = {2014.05.16}
}

@Article{,
  Title                    = {On Upper-Confidence Bound Policies for Non-Stationary Bandit Problems},

  Owner                    = {alex},
  Timestamp                = {2014.05.16}
}

@Article{,
  Title                    = {Bandits for Taxonomies: A Model-based Approach},

  Owner                    = {alex},
  Timestamp                = {2014.05.16}
}

% This file was created with JabRef 2.10.
% Encoding: UTF-8


@InProceedings{Bagherjeiran:2010:RCF:1835449.1835476,
  Title                    = {Ranking for the Conversion Funnel},
  Author                   = {Bagherjeiran, Abraham and Hatch, Andrew O. and Ratnaparkhi, Adwait},
  Booktitle                = {Proceedings of the 33rd International ACM SIGIR Conference on Research and Development in Information Retrieval},
  Year                     = {2010},

  Address                  = {New York, NY, USA},
  Pages                    = {146--153},
  Publisher                = {ACM},
  Series                   = {SIGIR '10},

  Acmid                    = {1835476},
  Doi                      = {10.1145/1835449.1835476},
  ISBN                     = {978-1-4503-0153-4},
  Keywords                 = {online advertising, ranking},
  Location                 = {Geneva, Switzerland},
  Numpages                 = {8},
  Url                      = {http://doi.acm.org/10.1145/1835449.1835476}
}

@InProceedings{Chapelle:2009:DBN:1526709.1526711,
  Title                    = {A Dynamic Bayesian Network Click Model for Web Search Ranking},
  Author                   = {Chapelle, Olivier and Zhang, Ya},
  Booktitle                = {Proceedings of the 18th International Conference on World Wide Web},
  Year                     = {2009},

  Address                  = {New York, NY, USA},
  Pages                    = {1--10},
  Publisher                = {ACM},
  Series                   = {WWW '09},

  Acmid                    = {1526711},
  Doi                      = {10.1145/1526709.1526711},
  ISBN                     = {978-1-60558-487-4},
  Keywords                 = {click modeling, click-through rate, dynamic bayesian network, ranking, web search},
  Location                 = {Madrid, Spain},
  Numpages                 = {10},
  Url                      = {http://doi.acm.org/10.1145/1526709.1526711}
}

@Article{danaher2005bacon,
  Title                    = {Bacon with your eggs? Applications of a new bivariate beta-binomial distribution},
  Author                   = {Danaher, Peter J and Hardie, Bruce G S},
  Journal                  = {The American Statistician},
  Year                     = {2005},
  Number                   = {4},
  Pages                    = {282--286},
  Volume                   = {59},

  Publisher                = {Taylor \& Francis}
}

@Article{garren2001bootstrap,
  Title                    = {Bootstrap goodness-of-fit test for the beta-binomial model},
  Author                   = {Garren, Steven T and Smith, Richard L and Piegorsch, Walter W},
  Journal                  = {Journal of Applied Statistics},
  Year                     = {2001},
  Number                   = {5},
  Pages                    = {561--571},
  Volume                   = {28},

  Publisher                = {Taylor \& Francis}
}

@InProceedings{Guo:2009:CCM:1526709.1526712,
  Title                    = {Click Chain Model in Web Search},
  Author                   = {Guo, Fan and Liu, Chao and Kannan, Anitha and Minka, Tom and Taylor, Michael and Wang, Yi-Min and Faloutsos, Christos},
  Booktitle                = {Proceedings of the 18th International Conference on World Wide Web},
  Year                     = {2009},

  Address                  = {New York, NY, USA},
  Pages                    = {11--20},
  Publisher                = {ACM},
  Series                   = {WWW '09},

  Acmid                    = {1526712},
  Doi                      = {10.1145/1526709.1526712},
  ISBN                     = {978-1-60558-487-4},
  Keywords                 = {bayesian models, click log analysis, web search},
  Location                 = {Madrid, Spain},
  Numpages                 = {10},
  Url                      = {http://doi.acm.org/10.1145/1526709.1526712}
}

@Article{kupper1978use,
  Title                    = {The use of a correlated binomial model for the analysis of certain toxicological experiments},
  Author                   = {Kupper, LL and Haseman, Joseph K},
  Journal                  = {Biometrics},
  Year                     = {1978},
  Pages                    = {69--76},

  Publisher                = {JSTOR}
}

@InCollection{mantel1987goodness,
  Title                    = {Goodness-of-fit issues in toxicological experiments involving litters of varying size},
  Author                   = {Mantel, Nathan and Paul, SR},
  Booktitle                = {Biostatistics},
  Publisher                = {Springer},
  Year                     = {1987},
  Pages                    = {169--176}
}

@Article{ting1996properties,
  Title                    = {Properties and applications of the Sarmanov family of bivariate distributions},
  Author                   = {Ting Lee, Mei-Ling},
  Journal                  = {Communications in Statistics-Theory and Methods},
  Year                     = {1996},
  Number                   = {6},
  Pages                    = {1207--1222},
  Volume                   = {25},

  Publisher                = {Taylor \& Francis}
}

% This file was created with JabRef 2.10.
% Encoding: UTF-8


@Article{brezzi2002optimal,
  Title                    = {Optimal learning and experimentation in bandit problems},
  Author                   = {Brezzi, Monica and Lai, Tze Leung},
  Journal                  = {Journal of Economic Dynamics and Control},
  Year                     = {2002},
  Number                   = {1},
  Pages                    = {87--108},
  Volume                   = {27},

  Publisher                = {Elsevier}
}

@Article{burnetas1996optimal,
  Title                    = {Optimal adaptive policies for sequential allocation problems},
  Author                   = {Burnetas, Apostolos N and Katehakis, Michael N},
  Journal                  = {Advances in Applied Mathematics},
  Year                     = {1996},
  Number                   = {2},
  Pages                    = {122--142},
  Volume                   = {17},

  Publisher                = {Elsevier}
}

@Article{gittins1979bandit,
  Title                    = {Bandit processes and dynamic allocation indices},
  Author                   = {Gittins, John C},
  Journal                  = {Journal of the Royal Statistical Society. Series B (Methodological)},
  Year                     = {1979},
  Pages                    = {148--177},

  Publisher                = {JSTOR}
}

@Article{lai1987adaptive,
  Title                    = {Adaptive treatment allocation and the multi-armed bandit problem},
  Author                   = {Lai, Tze Leung},
  Journal                  = {The Annals of Statistics},
  Year                     = {1987},
  Pages                    = {1091--1114},

  Publisher                = {JSTOR}
}

@Article{lai1985asymptotically,
  Title                    = {Asymptotically efficient adaptive allocation rules},
  Author                   = {Lai, Tze Leung and Robbins, Herbert},
  Journal                  = {Advances in applied mathematics},
  Year                     = {1985},
  Number                   = {1},
  Pages                    = {4--22},
  Volume                   = {6},

  Publisher                = {Elsevier}
}

@Misc{,
  Title                    = {http://www.math.tau.ac.il/~mansour/advanced-agt+ml/scribe7-Gittins-Index.pdf},

  Author                   = {Yishay Mansour},

  Owner                    = {alex},
  Timestamp                = {2014.08.24}
}

@Article{nino2011computing,
  Title                    = {Computing a classic index for finite-horizon bandits},
  Author                   = {Ni{\~n}o-Mora, Jos{\'e}},
  Journal                  = {INFORMS Journal on Computing},
  Year                     = {2011},
  Number                   = {2},
  Pages                    = {254--267},
  Volume                   = {23},

  Publisher                = {INFORMS}
}

@Article{scott2010modern,
  Title                    = {A modern Bayesian look at the multi-armed bandit},
  Author                   = {Scott, Steven L},
  Journal                  = {Applied Stochastic Models in Business and Industry},
  Year                     = {2010},
  Number                   = {6},
  Pages                    = {639--658},
  Volume                   = {26},

  Publisher                = {Wiley Online Library}
}

